@misc{ranftl2020robust,
      title={Towards Robust Monocular Depth Estimation: Mixing Datasets for Zero-shot Cross-dataset Transfer}, 
      author={René Ranftl and Katrin Lasinger and David Hafner and Konrad Schindler and Vladlen Koltun},
      year={2020},
      eprint={1907.01341},
      archivePrefix={arXiv},
      primaryClass={cs.CV}
}

@misc{https://doi.org/10.48550/arxiv.2302.12288,
  doi = {10.48550/ARXIV.2302.12288},
  url = {https://arxiv.org/abs/2302.12288},
  author = {Bhat, Shariq Farooq and Birkl, Reiner and Wofk, Diana and Wonka, Peter and Müller, Matthias},
  keywords = {Computer Vision and Pattern Recognition (cs.CV), FOS: Computer and information sciences, FOS: Computer and information sciences},
  title = {ZoeDepth: Zero-shot Transfer by Combining Relative and Metric Depth},
  publisher = {arXiv},
  year = {2023},
  copyright = {arXiv.org perpetual, non-exclusive license}
}

@article{DBLP:journals/corr/abs-1907-01341,
  author       = {Katrin Lasinger and
                  Ren{\'{e}} Ranftl and
                  Konrad Schindler and
                  Vladlen Koltun},
  title        = {Towards Robust Monocular Depth Estimation: Mixing Datasets for Zero-Shot
                  Cross-Dataset Transfer},
  journal      = {CoRR},
  volume       = {abs/1907.01341},
  year         = {2019},
  url          = {http://arxiv.org/abs/1907.01341},
  eprinttype    = {arXiv},
  eprint       = {1907.01341},
  timestamp    = {Mon, 08 Jul 2019 14:12:33 +0200},
  biburl       = {https://dblp.org/rec/journals/corr/abs-1907-01341.bib},
  bibsource    = {dblp computer science bibliography, https://dblp.org}
}